<record><leader>00000cas a22000007a 4500</leader><controlfield tag="001">17358965</controlfield><controlfield tag="008">880119d19061921ohuwr ne      0    0eng d</controlfield><datafield ind1=" " ind2=" " tag="010"><subfield code="a">sn 88077047 </subfield></datafield><datafield ind1=" " ind2=" " tag="040"><subfield code="a">ONP</subfield><subfield code="b">eng</subfield><subfield code="c">ONP</subfield><subfield code="d">OCL</subfield><subfield code="d">OCLCQ</subfield></datafield><datafield ind1=" " ind2=" " tag="042"><subfield code="a">msc</subfield></datafield><datafield ind1="0" ind2="4" tag="245"><subfield code="a">The Weekly Index-Republican.</subfield></datafield><datafield ind1=" " ind2=" " tag="260"><subfield code="a">Bellefontaine, Ohio :</subfield><subfield code="b">Index-Republican Co.,</subfield><subfield code="c">1906-</subfield></datafield><datafield ind1=" " ind2=" " tag="310"><subfield code="a">Weekly</subfield></datafield><datafield ind1="0" ind2=" " tag="362"><subfield code="a">Vol. 47, no. 46 (Jan. 4, 1906)-</subfield></datafield><datafield ind1="1" ind2=" " tag="362"><subfield code="a">Ceased in 1921?</subfield></datafield><datafield ind1=" " ind2=" " tag="515"><subfield code="a">Continued the numbering of both the Logan County index and Bellefontiane Republican until May 17, 1906. New numbering began with Vol. 1, no. 21 on May 24, 1906.</subfield></datafield><datafield ind1=" " ind2=" " tag="752"><subfield code="a">United States</subfield><subfield code="b">Ohio</subfield><subfield code="c">Logan</subfield><subfield code="d">Bellefontaine.</subfield></datafield><datafield ind1="0" ind2=" " tag="775"><subfield code="t">Daily Index-Republican</subfield></datafield><datafield ind1="0" ind2="4" tag="780"><subfield code="t">Logan County index</subfield><subfield code="w">(DLC)sn 88077046</subfield></datafield><datafield ind1="0" ind2="4" tag="780"><subfield code="t">Bellefontaine Republican (Bellefontaine, Ohio : 1855)</subfield><subfield code="w">(DLC)sn 85038153</subfield></datafield></record>